<?xml version="1.0" encoding="UTF-8"?><collection xmlns="http://www.loc.gov/MARC21/slim"><record><leader>00586nam--2200181-u-4500</leader><controlfield tag="001">000053147</controlfield><controlfield tag="002">20161230</controlfield><controlfield tag="005">20161230201051</controlfield><controlfield tag="008">110107s1000------------r-----000-0-eng-d</controlfield><datafield ind1=" " ind2=" " tag="040"><subfield code="a">IFIN-HH</subfield></datafield><datafield ind1=" " ind2=" " tag="080"><subfield code="a">612.014.48(043.2)</subfield></datafield><datafield ind1="1" ind2=" " tag="100"><subfield code="a">Baran, Irina Elena</subfield></datafield><datafield ind1="1" ind2="0" tag="245"><subfield code="a">Efecte ale radiatiilor nucleare asupra proliferarii celulare: interactia cu dinamica intracelulara a ionilor ca2+</subfield><subfield code="b">Teza</subfield><subfield code="c">Irina elena baran</subfield></datafield><datafield ind1=" " ind2=" " tag="260"><subfield code="a">Bucuresti</subfield><subfield code="b">Ifa</subfield><subfield code="c">2005</subfield></datafield><datafield ind1=" " ind2=" " tag="300"><subfield code="a">135P</subfield></datafield><datafield ind1=" " ind2=" " tag="502"><subfield code="a">Conducator Stiintific: Prof.Dr. Al. Berinde</subfield></datafield><datafield ind1=" " ind2=" " tag="852"><subfield code="a">81609</subfield><subfield code="c">539.12.04</subfield></datafield><datafield ind1=" " ind2=" " tag="CAT"><subfield code="a">Sys</subfield><subfield code="c">20120222</subfield><subfield code="h">144856</subfield></datafield></record></collection>